@misc{ibm_nlp,
  author = {IBM},
  title = {What is natural language processing?},
  year = {2022},
  note = {Last Accessed: 2023-02-11},
  url = {https://www.ibm.com/sg-en/topics/natural-language-processing}
}

@misc{statista,
  author = {Statista},
  title = {Legal tech market revenue worldwide from 2021 to 2027},
  year = {2022},
  note = {Last Accessed: 2023-02-11},
  url = {https://www.statista.com/statistics/1155852/legal-tech-market-revenue-worldwide/}
}

@misc{lawgeex,
  author = {LawGeex},
  title = {Comparing the Performance of Artificial Intelligence to Human Lawyers in the Review of Standard Business Contracts},
  year = {2018},
  note = {Last Accesssed: 2023-02-11},
  url = {https://images.law.com/contrib/content/uploads/documents/397/5408/lawgeex.pdf}
}

@article{zini2022,
  title = {On the Explainability of Natural Language Processing Deep Models},
  author = {El Zini, Julia and Awad, Mariette},
  journal = {ACM Computing Surveys},
  volume = {55},
  number = {103},
  pages = {1--31},
  year = {2022},
  doi = {https://doi.org/10.1145/3529755}
}

@article{linardatos2020,
  title = {Explainable AI: A Review of Machine Learning Interpretability Methods},
  author = {Linardatos, Pantelis and Papastefanopoulos, Vasilis and Kotsiantis, Sotiris},
  journal = {Entropy (Basel)},
  volume = {23},
  number = {1},
  pages = {18},
  year = {2020},
  doi = {https://dx.doi.org/10.3390/e23010018}
}

@misc{openai,
  author = {OpenAI},
  title = {ChatGPT: Optimizing Language Models for Dialogue},
  year = {2022},
  note = {Last Accessed: 2023-02-11},
  url = {https://openai.com/blog/chatgpt/}
}

@article{gstrein2022,
  title = {How to protect privacy in a datafied society? A presentation of multiple legal and conceptual approaches},
  author = {Gstrein, Oskar J. and Beaulieu, Anne},
  journal = {Philos Technol},
  volume = {35},
  number = {1},
  pages = {3},
  year = {2022},
  doi = {https://doi.org/10.1007%2Fs13347-022-00497-4}
}

!@article{bommarito2022,
  title = {GPT Takes the Bar Exam},
  author = {Bommarito, Michael James and Katz, Daniel Martin},
  note = {Available at SSRN},
  year = {2022},
  doi = {https://dx.doi.org/10.2139/ssrn.4314839}
}

@article{zimmeck2019,
  title = {MAPS: Scaling Privacy Compliance Analysis to a Million Apps},
  author = {Zimmeck, Sebastian and Story, Peter and Smullen, Daniel and Ravichander, Abhilasha and Wang, Ziqi and Reidenberg, Joel and N Cameron, Russell and Sadeh, Norman},
  journal = {Proceedings on Privacy Enhancing Technologies},
  volume = {2019},
  number = {3},
  pages = {66--86},
  year = {2019}
}

@inbook{chesterman2021_opacity,
  title = {We, The Robots: Regulating Artificial Intelligence and the Limits of the Law},
  author = {Chesterman, Simon},
  chapter = {3. Opacity},
  publisher = {Cambridge University Press},
  year = {2021}
}

@article{doshi-velez2017,
  title = {Towards a Rigorous Science of Interpretable Machine Learning},
  author = {Doshi-Velez, Finale and Kim, Been},
  journal = {arXiv preprint arXiv:1702.08608},
  year = {2017}
}

@inproceedings{gorski2021,
  author = {G\'{o}rski, \L{}ukasz and Ramakrishna, Shashishekar},
  title = {Explainable Artificial Intelligence, Lawyer's Perspective},
  year = {2021},
  isbn = {9781450385268},
  publisher = {Association for Computing Machinery},
  address = {New York, NY, USA},
  url = {https://doi.org/10.1145/3462757.3466145},
  doi = {10.1145/3462757.3466145},
  booktitle = {Proceedings of the Eighteenth International Conference on Artificial Intelligence and Law},
  pages = {60â€“68},
  numpages = {9},
  keywords = {XAI, grad-CAM, SHAP, explainable artificial intelligence, survey, LIME},
  location = {S\~{a}o Paulo, Brazil},
  series = {ICAIL '21}
}

@article{danilevsky2020,
  author    = {Marina Danilevsky and
               Kun Qian and
               Ranit Aharonov and
               Yannis Katsis and
               Ban Kawas and
               Prithviraj Sen},
  title     = {A Survey of the State of Explainable {AI} for Natural Language Processing},
  journal   = {CoRR},
  volume    = {abs/2010.00711},
  year      = {2020},
  url       = {https://arxiv.org/abs/2010.00711},
  eprinttype = {arXiv},
  eprint    = {2010.00711},
  timestamp = {Mon, 12 Oct 2020 17:53:10 +0200},
  biburl    = {https://dblp.org/rec/journals/corr/abs-2010-00711.bib},
  bibsource = {dblp computer science bibliography, https://dblp.org}
}

@article{bishop2023computer,
  title={A Computer Wrote this Paper: What ChatGPT Means for Education, Research, and Writing},
  author={Bishop, Lea},
  journal={Research, and Writing (January 26, 2023)},
  year={2023}
}

@article{zednik2021,
  title={Solving the black box problem: A normative framework for explainable artificial intelligence},
  author={Zednik, Carlos},
  journal={Philosophy \& technology},
  volume={34},
  number={2},
  pages={265--288},
  year={2021},
  publisher={Springer}
}

@misc{fairhousingact,
  author = {Board of Governors of the Federal Reserve System},
  title = {Federal Fair Lending Regulations and Statutes Fair Housing Act},
  year = {2022},
  note = {Last Accessed: 2023-2-16},
  url = {https://www.federalreserve.gov/boarddocs/supmanual/cch/fair_lend_fhact.pdf}
}